
@article{mar,
	author = {{Cálculo del máximo común divisor:¿Porqué no se usa el algoritmo de Euclides?. Revista digital Matemática, Educación e Internet. Vol. 10, No 2. Marzo 2010.}},
	year = {22 de {A}gosto de 2013},
	url = {{http://www.tec-digital.itcr.ac.cr/revistamatematica/Secciones/Matematica_Algoritmos_Programacion/WMora_Calculo_del_maximo_comun_divisor_V10_N2_2010/WMora_Calculo_del_maximo_comun_divisor.pdf}}
}

@article{mir,
author = {{Chapter 10. Number theory and Cryptography.}},
url = {{http://ww3.algorithmdesign.net/sample/ch10-crypto.pdf}}
}

@article{mor,
author = {{Numerical Recipes in C : The Art of Scientific Computing. William H. Press, Brian P. Flannery, Saul A. Teukolsky, William T. Vetterling}}
}